<?xml version="1.0" encoding="UTF-8"?><collection xmlns="http://www.loc.gov/MARC21/slim"><record><leader>00562nam--2200193-i-4500</leader><controlfield tag="001">000002614</controlfield><controlfield tag="002">20161230</controlfield><controlfield tag="005">20161230201025</controlfield><controlfield tag="008">060222s1000------------r-----000-0-rus-d</controlfield><datafield ind1=" " ind2=" " tag="040"><subfield code="a">IFIN-HH</subfield></datafield><datafield ind1=" " ind2=" " tag="041"><subfield code="a">rus</subfield></datafield><datafield ind1=" " ind2=" " tag="080"><subfield code="a">535.343.2</subfield></datafield><datafield ind1="1" ind2=" " tag="100"><subfield code="a">Kiselev, V.A</subfield></datafield><datafield ind1="1" ind2="0" tag="245"><subfield code="a">Eksitonnaia spektroskopia pripoverhnostnoi oblasti poluprovodnikov</subfield><subfield code="c">V.a. kiselev; b.v. novikov; a.e. cerednicenko</subfield></datafield><datafield ind1=" " ind2=" " tag="260"><subfield code="a">Leningrad</subfield><subfield code="b">Leningradskogo Universiteta</subfield><subfield code="c">1987</subfield></datafield><datafield ind1=" " ind2=" " tag="300"><subfield code="a">161p</subfield></datafield><datafield ind1="1" ind2=" " tag="700"><subfield code="a">Cerednicenko, A.E</subfield></datafield><datafield ind1=" " ind2=" " tag="852"><subfield code="a">74523</subfield><subfield code="c">535.33</subfield></datafield><datafield ind1=" " ind2=" " tag="CAT"><subfield code="a">Sys</subfield><subfield code="c">20101220</subfield><subfield code="h">155702</subfield></datafield></record></collection>